<record><leader>00000cas a22000007a 4500</leader><controlfield tag="001">14289619</controlfield><controlfield tag="008">861001d18uu1894txudr ne      0    0eng d</controlfield><datafield ind1=" " ind2=" " tag="010"><subfield code="a">sn 86089348 </subfield></datafield><datafield ind1=" " ind2=" " tag="040"><subfield code="a">PPM</subfield><subfield code="b">eng</subfield><subfield code="c">PPM</subfield><subfield code="d">OCLCQ</subfield></datafield><datafield ind1=" " ind2=" " tag="042"><subfield code="a">msc</subfield></datafield><datafield ind1="0" ind2=" " tag="130"><subfield code="a">Evening tribune (Galveston, Tex.)</subfield></datafield><datafield ind1="1" ind2="0" tag="245"><subfield code="a">Evening tribune.</subfield></datafield><datafield ind1=" " ind2=" " tag="260"><subfield code="a">Galveston [Tex.] :</subfield><subfield code="b">J.W. Burson &amp; L.R. Brown</subfield></datafield><datafield ind1=" " ind2=" " tag="300"><subfield code="a">v. :</subfield><subfield code="b">ill. ;</subfield><subfield code="c">56 cm.</subfield></datafield><datafield ind1=" " ind2=" " tag="310"><subfield code="a">Daily</subfield></datafield><datafield ind1=" " ind2=" " tag="588"><subfield code="a">Description based on: Vol. 5, no. 85 (Apr. 18, 1885).</subfield></datafield><datafield ind1=" " ind2=" " tag="752"><subfield code="a">United States</subfield><subfield code="b">Texas</subfield><subfield code="c">Galveston</subfield><subfield code="d">Galveston.</subfield></datafield><datafield ind1="0" ind2="0" tag="780"><subfield code="t">Evening record &amp; daily print</subfield></datafield><datafield ind1="0" ind2="0" tag="785"><subfield code="t">Galveston tribune</subfield><subfield code="w">(DLC)sn 85038591</subfield></datafield></record>